<record><leader>00000cas a22000007a 4500</leader><controlfield tag="001">6493245</controlfield><controlfield tag="008">800707d19301983orudr ne      0   a0eng d</controlfield><datafield ind1=" " ind2=" " tag="010"><subfield code="a">sn 85042472 </subfield></datafield><datafield ind1=" " ind2=" " tag="040"><subfield code="a">EZC</subfield><subfield code="b">eng</subfield><subfield code="c">EZC</subfield><subfield code="d">NSD</subfield><subfield code="d">DLC</subfield><subfield code="d">CNQ</subfield><subfield code="d">NVK</subfield><subfield code="d">OCN</subfield><subfield code="d">DLC</subfield><subfield code="d">OCLCQ</subfield><subfield code="d">ORU</subfield><subfield code="d">DLC</subfield><subfield code="d">ORU</subfield><subfield code="d">OCLCF</subfield></datafield><datafield ind1="1" ind2=" " tag="029"><subfield code="a">AU@</subfield><subfield code="b">000020601618</subfield></datafield><datafield ind1=" " ind2=" " tag="042"><subfield code="a">msc</subfield></datafield><datafield ind1=" " ind2=" " tag="043"><subfield code="a">n-us-or</subfield></datafield><datafield ind1="0" ind2="0" tag="050"><subfield code="a">Newspaper</subfield></datafield><datafield ind1="0" ind2="0" tag="245"><subfield code="a">Eugene register-guard.</subfield></datafield><datafield ind1="3" ind2=" " tag="246"><subfield code="a">Eugene register guard</subfield></datafield><datafield ind1="3" ind2="0" tag="246"><subfield code="a">Register-guard</subfield></datafield><datafield ind1=" " ind2=" " tag="260"><subfield code="a">Eugene, Or. :</subfield><subfield code="b">A.F. Baker,</subfield><subfield code="c">1930-1983.</subfield></datafield><datafield ind1=" " ind2=" " tag="300"><subfield code="a">v.</subfield></datafield><datafield ind1=" " ind2=" " tag="310"><subfield code="a">Daily</subfield></datafield><datafield ind1="0" ind2=" " tag="362"><subfield code="a">Vol. 79, no. 121 (Nov. 18, 1930)-116th year, no. 323 (Sept. 11, 1983).</subfield></datafield><datafield ind1=" " ind2=" " tag="500"><subfield code="a">Lane County's home newspaper.</subfield></datafield><datafield ind1=" " ind2=" " tag="515"><subfield code="a">Volume designation fluctuates.</subfield></datafield><datafield ind1=" " ind2=" " tag="525"><subfield code="a">Has occasional supplements.</subfield></datafield><datafield ind1=" " ind2=" " tag="530"><subfield code="a">Available on microfilm from Bell &amp; Howell Information and Learning and University of Oregon.</subfield></datafield><datafield ind1=" " ind2=" " tag="530"><subfield code="a">Also available online.</subfield></datafield><datafield ind1=" " ind2=" " tag="580"><subfield code="a">Merger of: Eugene guard, and: Eugene register (Eugene, Or. : 1929).</subfield></datafield><datafield ind1=" " ind2="0" tag="651"><subfield code="a">Eugene (Or.)</subfield><subfield code="v">Newspapers.</subfield></datafield><datafield ind1=" " ind2="0" tag="651"><subfield code="a">Lane County (Or.)</subfield><subfield code="v">Newspapers.</subfield></datafield><datafield ind1=" " ind2="7" tag="655"><subfield code="a">Newspapers.</subfield><subfield code="2">fast</subfield><subfield code="0">(OCoLC)fst01423814</subfield></datafield><datafield ind1=" " ind2="7" tag="651"><subfield code="a">Oregon</subfield><subfield code="z">Eugene.</subfield><subfield code="2">fast</subfield><subfield code="0">(OCoLC)fst01205922</subfield></datafield><datafield ind1=" " ind2="7" tag="651"><subfield code="a">Oregon</subfield><subfield code="z">Lane County.</subfield><subfield code="2">fast</subfield><subfield code="0">(OCoLC)fst01208163</subfield></datafield><datafield ind1=" " ind2=" " tag="752"><subfield code="a">United States</subfield><subfield code="b">Oregon</subfield><subfield code="c">Lane</subfield><subfield code="d">Eugene.</subfield></datafield><datafield ind1="1" ind2="4" tag="780"><subfield code="t">Eugene guard</subfield><subfield code="w">(DLC)sn 96088110</subfield></datafield><datafield ind1="1" ind2="4" tag="780"><subfield code="t">Eugene register (Eugene, Or. : 1929)</subfield><subfield code="w">(DLC)sn 96088119</subfield></datafield><datafield ind1="0" ind2="0" tag="785"><subfield code="t">Register-guard</subfield><subfield code="x">0739-8557</subfield><subfield code="w">(DLC)sn 83008665</subfield></datafield><datafield ind1="4" ind2="1" tag="856"><subfield code="a">https://www.google.com/search?pz=1&amp;cf=all&amp;ned=us&amp;hl=en&amp;tbm=nws&amp;gl=us&amp;as_q=Eugene%20Register%20Guard&amp;as_occt=any&amp;as_drrb=a&amp;tbs=ar%3A1&amp;authuser=0</subfield><subfield code="z">Google News Archive</subfield></datafield></record>